@phdthesis{ref9,
  author      = {符志哲},
  title       = {高光谱遥感图像去条带方法研究},
  institution = {南京邮电大学},
  location    = {南京},
  year        = {2020},
  langid      = {chinese}
}

@incollection{ref1,
  author    = {Fukushima, Kunihiko and Miyake, Shoji},
  title     = {Neocognitron: A self-organizing neural network model for a mechanism of visual pattern recognition},
  booktitle = {Competition and Cooperation in Neural Nets},
  publisher = {Springer},
  location  = {Berlin, Heidelberg},
  year      = {1982},
  pages     = {267-285}
}

@article{ref2,
  author       = {LeCun, Yann and Bottou, Léon and Bengio, Yoshua and others},
  title        = {Gradient-based learning applied to document recognition},
  journaltitle = {Proceedings of the IEEE},
  year         = {1998},
  volume       = {86},
  number       = {11},
  pages        = {2278-2324}
}

@inproceedings{ref3,
  author    = {Krizhevsky, Alex and Sutskever, Ilya and Hinton, Geoffrey E.},
  title     = {ImageNet Classification with Deep Convolutional Neural Networks},
  booktitle = {Advances in Neural Information Processing Systems},
  volume    = {25},
  year      = {2012},
  pages     = {1097-1105}
}

@online{ref4,
  author      = {Simonyan, Karen and Zisserman, Andrew},
  title       = {Very Deep Convolutional Networks for Large-Scale Image Recognition},
  year        = {2014},
  eprint      = {1409.1556},
  eprinttype  = {arXiv},
  eprintclass = {cs.CV},
  url         = {https://arxiv.org/abs/1409.1556},
  urldate     = {2025-05-18}
}

@inproceedings{ref5,
  author    = {Szegedy, Christian and Liu, Wei and Jia, Yangqing and others},
  title     = {Going Deeper with Convolutions},
  booktitle = {Proceedings of the IEEE Conference on Computer Vision and Pattern Recognition},
  year      = {2015},
  pages     = {1-9}
}

@inproceedings{ref6,
  author    = {He, Kaiming and Zhang, Xiangyu and Ren, Shaoqing and Sun, Jian},
  title     = {Deep Residual Learning for Image Recognition},
  booktitle = {Proceedings of the IEEE Conference on Computer Vision and Pattern Recognition},
  year      = {2016},
  pages     = {770-778}
}

@article{ref7,
  author       = {张号逵 and 李映 and 姜晔楠},
  title        = {深度学习在高光谱图像分类领域的研究现状与展望},
  journaltitle = {自动化学报},
  year         = {2018},
  volume       = {44},
  number       = {6},
  pages        = {961-977},
  langid       = {chinese}
}

@mastersthesis{ref8,
  author      = {赵诚诚},
  title       = {基于卷积神经网络的图像分类改进算法的研究},
  institution = {南京邮电大学},
  location    = {南京},
  year        = {2020},
  langid      = {chinese}
}
